<?xml version="1.0" encoding="UTF-8"?><record xmlns="http://www.loc.gov/MARC21/slim" xmlns:cinclude="http://apache.org/cocoon/include/1.0" xmlns:zs="http://www.loc.gov/zing/srw/">
  <leader>01199cz  a2200253n  4500</leader>
  <controlfield tag="001">nr 91010318 </controlfield>
  <controlfield tag="003">DLC</controlfield>
  <controlfield tag="005">20080831081358.0</controlfield>
  <controlfield tag="008">910327nc acannaabn          |b aaa      </controlfield>
  <datafield tag="010" ind1=" " ind2=" ">
    <subfield code="a">nr 91010318 </subfield>
    <subfield code="z">n  83066395 </subfield>
  </datafield>
  <datafield tag="035" ind1=" " ind2=" ">
    <subfield code="a">(OCoLC)oca02934501</subfield>
  </datafield>
  <datafield tag="040" ind1=" " ind2=" ">
    <subfield code="a">DLC-R</subfield>
    <subfield code="b">eng</subfield>
    <subfield code="c">DLC-R</subfield>
    <subfield code="d">DLC-R</subfield>
    <subfield code="d">MdU</subfield>
    <subfield code="d">DLC</subfield>
    <subfield code="d">OCoLC</subfield>
  </datafield>
  <datafield tag="100" ind1="1" ind2=" ">
    <subfield code="a">Tao, Yong,</subfield>
    <subfield code="d">1913-1967</subfield>
  </datafield>
  <datafield tag="400" ind1="1" ind2=" ">
    <subfield code="w">nne</subfield>
    <subfield code="a">Tʻao, Yung,</subfield>
    <subfield code="d">1913-1967</subfield>
  </datafield>
  <datafield tag="400" ind1="1" ind2=" ">
    <subfield code="a">Zhang, Daoyong,</subfield>
    <subfield code="d">1913-1967</subfield>
  </datafield>
  <datafield tag="400" ind1="1" ind2=" ">
    <subfield code="a">Chang, Tao-yung,</subfield>
    <subfield code="d">1913-1967</subfield>
  </datafield>
  <datafield tag="400" ind1="1" ind2=" ">
    <subfield code="a">陶勇,</subfield>
    <subfield code="d">1913-1967</subfield>
  </datafield>
  <datafield tag="667" ind1=" " ind2=" ">
    <subfield code="a">Machine-derived non-Latin script reference project.</subfield>
  </datafield>
  <datafield tag="667" ind1=" " ind2=" ">
    <subfield code="a">Non-Latin script reference not evaluated.</subfield>
  </datafield>
  <datafield tag="670" ind1=" " ind2=" ">
    <subfield code="a">Tsʻui, H.H. Tʻao Yung chiang chün chuan, 1989:</subfield>
    <subfield code="b">t.p. (Tʻao Yung) p. 1, etc. (1913-1967; original name, Chang Tao-yung; general of PRC Army)</subfield>
  </datafield>
  <datafield tag="670" ind1=" " ind2=" ">
    <subfield code="a">Chiang hai feng yün, 1981:</subfield>
    <subfield code="b">(Tʻao Yung)</subfield>
  </datafield>
  <datafield tag="670" ind1=" " ind2=" ">
    <subfield code="a">Chung-kuo chün shih ta tzʻu tien, 1992:</subfield>
    <subfield code="b">p. 689 (Tʻao Yung; b. ca. 1912 in Huo-chʻiu hsien, Anhui Province, China; d. 1967; became general in 1955)</subfield>
  </datafield>
  <datafield tag="670" ind1=" " ind2=" ">
    <subfield code="a">Who's who in communist China, 1970:</subfield>
    <subfield code="b">p. 607 (Tʻao Yung; b. 1909; native of Szu hsien, Anhwei)</subfield>
  </datafield>
  <datafield tag="670" ind1=" " ind2=" ">
    <subfield code="a">Gendai Chūgoku jimmei jiten, 1966:</subfield>
    <subfield code="b">p. 803 (Tʻao Yung; b. 1909)</subfield>
  </datafield>
</record>